% BIBTEX database for EMBOSS tutorial
@Article{Garnier:78,
    title = {{Analysis of the accuracy and implications of simple methods for predicting the secondary structure of globular proteins. }},
    author = {J. Garnier,D.J. Osguthorpe and B. Robson},
    journal = {J. Mol. Biol.},
    volume = 120,
    pages = {97-120},
    year = 1978
}

@Article{Smith:81,
    title = {{Identification of common molecular subsequences.}},
    author = {T.F. Smith and M.S. Waterman},
    journal = {J. Mol. Biol.},
    volume = 147,
    pages = {195-197},
    year = 1981
}

@Article{Needle:70,
    title = {{A general method applicable to the search for similarities in the amino acid sequence of two proteins. }},
    author = {S.B. Needlman and C.D. Wunsch},
    journal = {J. Mol. Biol.},
    volume = 48,
    pages = {443-453},
    year = 1970
}
